@misc{gelmanBlog,
author = {Gelman, Andrew},
title = {Type 1, type 2, type S, and type M errors},
type = {Blog},
number = {December 29},
year = {2004},
howpublished = {\url{http://http://andrewgelman.com/2004/12/29/type_1_type_2_t/}}
}

@article{modelsWrong,
  title={Robustness in the strategy of scientific model building},
  author={Box, George EP},
  journal={Robustness in statistics},
  volume={1},
  pages={201--236},
  year={1979}
}

@article{tovar2006academic,
  title={Academic probation as a dangerous opportunity: Factors influencing diverse college students' success},
  author={Tovar, Esau and Simon, Merril A},
  journal={Community College Journal of Research and Practice},
  volume={30},
  number={7},
  pages={547--564},
  year={2006},
  publisher={Taylor \& Francis}
}