@misc{gelmanBlog,
author = {Gelman, Andrew},
title = {Type 1, type 2, type S, and type M errors},
type = {Blog},
number = {December 29},
year = {2004},
howpublished = {http://http://andrewgelman.com/2004/12/29/type_1_type_2_t/}
}

@misc{gelmanBlogUnbiased,
author = {Gelman, Andrew},
title = {There’s No Such Thing As Unbiased Estimation. And It’s a Good Thing, Too.}
type = {Blog},
number = {May 11},
year = {2015},
howpublished = {http://andrewgelman.com/2015/05/11/theres-no-such-thing-as-unbiased-estimation-and-its-a-good-thing-too/}
}

@article{modelsWrong,
  title={Robustness in the strategy of scientific model building},
  author={Box, George EP},
  journal={Robustness in statistics},
  volume={1},
  pages={201--236},
  year={1979}
}

@article{tovar2006academic,
  title={Academic probation as a dangerous opportunity: Factors influencing diverse college students' success},
  author={Tovar, Esau and Simon, Merril A},
  journal={Community College Journal of Research and Practice},
  volume={30},
  number={7},
  pages={547--564},
  year={2006},
  publisher={Taylor \& Francis}
}

@article{lso,
  title={Ability, gender, and performance standards: Evidence from academic probation},
  author={Lindo, Jason M and Sanders, Nicholas J and Oreopoulos, Philip},
  journal={American Economic Journal: Applied Economics},
  volume={2},
  number={2},
  pages={95--117},
  year={2010},
  publisher={American Economic Association}
}

@Book{urca,
    title = {Analysis of Integrated and Cointegrated Time Series with R},
    author = {B. Pfaff},
    publisher = {Springer},
    edition = {Second},
    address = {New York},
    year = {2008},
    note = {ISBN 0-387-27960-1},
    url = {http://www.pfaffikus.de},
  }

@article{schotman1991bayesian,
  title={On Bayesian routes to unit roots},
  author={Schotman, Peter C and Van Dijk, Herman K},
  journal={Journal of Applied Econometrics},
  volume={6},
  number={4},
  pages={387--401},
  year={1991},
  publisher={Wiley Online Library}
}

@article{akaike1969fitting,
  title={Fitting autoregressive models for prediction},
  author={Akaike, Hirotugu},
  journal={Annals of the institute of Statistical Mathematics},
  volume={21},
  number={1},
  pages={243--247},
  year={1969},
  publisher={Springer}
}

@article{schwarz1978estimating,
  title={Estimating the dimension of a model},
  author={Schwarz, Gideon and others},
  journal={The annals of statistics},
  volume={6},
  number={2},
  pages={461--464},
  year={1978},
  publisher={Institute of Mathematical Statistics}
}

@article{potscher1991effects,
  title={Effects of model selection on inference},
  author={P{\"o}tscher, Benedikt M},
  journal={Econometric Theory},
  pages={163--185},
  year={1991},
  publisher={JSTOR}
}

@book{mcquarrie1998regression,
  title={Regression and time series model selection},
  author={McQuarrie, Allan DR and Tsai, Chih-Ling},
  year={1998},
  publisher={World Scientific}
}

@article{liew2004lag,
  title={Which lag length selection criteria should we employ?},
  author={Liew, Venus Khim-Sen},
  year={2004}
}
@article{hatemi2009can,
  title={Can the LR test be helpful in choosing the optimal lag order in the VAR model when information criteria suggest different lag orders?},
  author={Hatemi-J, Abdulnasser and S. Hacker, R},
  journal={Applied Economics},
  volume={41},
  number={9},
  pages={1121--1125},
  year={2009},
  publisher={Taylor \& Francis}
}

@book{lutkepohl2005new,
  title={New introduction to multiple time series analysis},
  author={L{\"u}tkepohl, Helmut},
  year={2005},
  publisher={Springer Science \& Business Media}
}
